<record><leader>00000cas a2200000 a 4500</leader><controlfield tag="001">10286551</controlfield><controlfield tag="008">840111d18611863mouwr ne      0    0eng  </controlfield><datafield ind1=" " ind2=" " tag="010"><subfield code="a">sn 84020052 </subfield></datafield><datafield ind1=" " ind2=" " tag="040"><subfield code="a">DLC</subfield><subfield code="b">eng</subfield><subfield code="c">DLC</subfield><subfield code="d">MQN</subfield><subfield code="d">CVF</subfield><subfield code="d">OCL</subfield><subfield code="d">CVF</subfield><subfield code="d">OCLCQ</subfield><subfield code="d">OCLCO</subfield><subfield code="d">OCLCF</subfield></datafield><datafield ind1="1" ind2=" " tag="029"><subfield code="a">AU@</subfield><subfield code="b">000025803828</subfield></datafield><datafield ind1=" " ind2=" " tag="042"><subfield code="a">pcc</subfield></datafield><datafield ind1=" " ind2=" " tag="043"><subfield code="a">n-us-mo</subfield></datafield><datafield ind1="0" ind2="0" tag="050"><subfield code="a">Newspaper</subfield></datafield><datafield ind1="0" ind2=" " tag="130"><subfield code="a">Weekly western journal of commerce (Kansas City, Mo. : 1861)</subfield></datafield><datafield ind1="1" ind2="0" tag="245"><subfield code="a">Weekly western journal of commerce.</subfield></datafield><datafield ind1=" " ind2=" " tag="260"><subfield code="a">City of Kansas [Kansas City, Mo.] :</subfield><subfield code="b">D.K. Abeel,</subfield><subfield code="c">1861-</subfield></datafield><datafield ind1=" " ind2=" " tag="300"><subfield code="a">v.</subfield></datafield><datafield ind1=" " ind2=" " tag="310"><subfield code="a">Weekly</subfield></datafield><datafield ind1="0" ind2=" " tag="362"><subfield code="a">Vol. 7, no. 21 (Feb. 21, 1861)-</subfield></datafield><datafield ind1="1" ind2=" " tag="362"><subfield code="a">Ceased in 1863.</subfield></datafield><datafield ind1=" " ind2=" " tag="580"><subfield code="a">Daily eds.: Daily Kansas City western journal of commerce (Kansas City, Mo. : 1860), Feb. 21-Mar. 7, 1861; Daily journal of commerce--Extra, May 15-16, 1861; Daily western journal of commerce, May 17-Aug. 14, 1861; Daily journal of commerce (Kansas City, Mo. : 1861), Aug. 15-21, 1861; Daily Kansas City western journal of commerce (Kansas City, Mo. : 1862), Mar. 18, 1862-&lt;1863&gt;.</subfield></datafield><datafield ind1=" " ind2="0" tag="651"><subfield code="a">Kansas City (Mo.)</subfield><subfield code="v">Newspapers.</subfield></datafield><datafield ind1=" " ind2="7" tag="655"><subfield code="a">Newspapers.</subfield><subfield code="2">fast</subfield><subfield code="0">(OCoLC)fst01423814</subfield></datafield><datafield ind1=" " ind2="7" tag="651"><subfield code="a">Missouri</subfield><subfield code="z">Kansas City.</subfield><subfield code="2">fast</subfield><subfield code="0">(OCoLC)fst01204999</subfield></datafield><datafield ind1=" " ind2=" " tag="752"><subfield code="a">United States</subfield><subfield code="b">Missouri</subfield><subfield code="c">Jackson</subfield><subfield code="d">Kansas City.</subfield></datafield><datafield ind1="1" ind2=" " tag="775"><subfield code="t">Daily Kansas City western journal of commerce (Kansas City, Mo. : 1860)</subfield><subfield code="w">(DLC)sn 84020058</subfield></datafield><datafield ind1="1" ind2=" " tag="775"><subfield code="t">Daily journal of commerce--Extra</subfield><subfield code="w">(DLC)sn 84020059</subfield></datafield><datafield ind1="1" ind2=" " tag="775"><subfield code="t">Daily western journal of commerce</subfield><subfield code="w">(DLC)sn 84020060</subfield></datafield><datafield ind1="1" ind2=" " tag="775"><subfield code="t">Daily journal of commerce (Kansas City, Mo. : 1861)</subfield><subfield code="w">(DLC)sn 84020061</subfield></datafield><datafield ind1="1" ind2=" " tag="775"><subfield code="t">Daily Kansas City western journal of commerce (Kansas City, Mo. : 1862)</subfield><subfield code="w">(DLC)sn 84020062</subfield></datafield><datafield ind1="0" ind2="0" tag="780"><subfield code="t">Western journal of commerce (Kansas City, Mo. : 1857)</subfield><subfield code="w">(DLC)sn 83025340</subfield></datafield><datafield ind1="0" ind2="0" tag="785"><subfield code="t">Western journal of commerce (Kansas City, Mo. : 1863)</subfield><subfield code="w">(DLC)sn 84020053</subfield></datafield></record>